@book{heydenreich2017lucas,
  title={Lucas Cranach der {\"A}ltere: Meister, Marke, Moderne},
  author={Heydenreich, G. and G{\"o}rres, D. and Wismer, B. and Bonnet, A.M.},
  isbn={978-3-777-42744-7},
  url={https://www.hirmerverlag.de/de/titel-87-2/lucas_cranach_der_aeltere-1463/},
  year={2017},
  publisher={Museum Kunstpalast}
},

@book{Dorner2019,
	author = {D{\ifmmode\ddot{o}\else\"{o}\fi}rner, Ralf and Broll, Wolfgang and Grimm, Paul and Jung, Bernhard},
	title = {{Virtual und Augmented Reality (VR/AR)}},
	year = {2019},
	isbn = {978-3-662-58860-4},
  url = {https://www.springer.com/gp/book/9783662588604},
	publisher = {Springer Vieweg},
	address = {Berlin, Germany},
	doi = {10.1007/978-3-662-58861-1}
}